<?xml version="1.0" encoding="UTF-8"?><collection xmlns="http://www.loc.gov/MARC21/slim"><record><leader>00505nam--2200169-i-4500</leader><controlfield tag="001">000015817</controlfield><controlfield tag="002">20161230</controlfield><controlfield tag="005">20161230201031</controlfield><controlfield tag="008">060222s1000------------r-----000-0-eng-d</controlfield><datafield ind1=" " ind2=" " tag="040"><subfield code="a">IFIN-HH</subfield></datafield><datafield ind1=" " ind2=" " tag="080"><subfield code="a">519.2</subfield></datafield><datafield ind1=" " ind2="1" tag="100"><subfield code="a">Billingsley,Patrick</subfield></datafield><datafield ind1="1" ind2="0" tag="245"><subfield code="a">Convergence of probability measures</subfield><subfield code="c">Patrick billingsley</subfield></datafield><datafield ind1=" " ind2=" " tag="260"><subfield code="a">New York,John Wiley And Sons,1968. Xii + 253p</subfield></datafield><datafield ind1=" " ind2=" " tag="490"><subfield code="a">Wiley Series In Probability And Mathematical Statistics</subfield></datafield><datafield ind1=" " ind2=" " tag="852"><subfield code="a">73907</subfield><subfield code="c">519.2</subfield></datafield><datafield ind1=" " ind2=" " tag="CAT"><subfield code="a">Sys</subfield><subfield code="c">20100614</subfield><subfield code="h">101102</subfield></datafield></record></collection>